@book{chopra2011,
    keywords   = {trusted},
    author    = {Chopra, A.K.},
    title     = {Dynamics of Structures: 
                    Theory and Applications to Earthquake Engineering },
    year      = {2011},
    publisher = {Prentice Hall},
    address   = {New Jersey}
}
@book{hefangfu2001,
    keywords   = {trusted},
    author    = {He, J. and Fu Z.},
    title     = {Modal Analysis},
    year      = {2001},
    publisher = {Butterworth-Heinmann},
    address   = {Oxford}
}
@article{koscakturkalj,
    keywords   = {trusted},
    author    = {Košćak, J. and Turkalj, G.},
    title     = {Modalna analiza modela konstrukcije i ispitivanje utjecaja njihala i spremnika s vodom kao prigušivača},
    year      = {2012},
    publisher = {Građevinski fakultet Sveučilišta u Zagrebu},
    address   = {Zagreb}
}
@book{dk_skripta,
    keywords   = {trusted},
    author    = "Damir Lazarević and Mario Šavor Novak and Mario Uroš",
    title     = {Dinamika konstrukcija s uvodom u potresno inženjerstvo},
    year      = {2018},
    publisher = {Građevinski fakultet Sveučilišta u Zagrebu},
    address   = {Zagreb}
}
@book{sisbabic,
    keywords   = {trusted},
    author    = {Babić,H.},
    title     = {Signali i sustavi},
    year      = {1996},
    publisher = {Fakultet elektrotehnike i računarstva Sveučilišta u Zagrebu},
    address   = {Zagreb}
}

@article{elezovic_fl,
    keywords   = {trusted},
    author    = {Elezović,N.},
    title     = {Fourierov red i integral Laplaceova transformacija},
    year      = {2005},
    publisher = {Element},
    address   = {Zagreb}
}

@article{diferencijalne,
    keywords   = {trusted},
    author    = {Dawkins,P.},
    title     = {Differential equations},
    year      = {2018},
    publisher = {Lamar University Texas},
    address   = {Beaumont, Texas}
}

